@article{A+01,
  author  = {Author, Aa and Buthor, Bb and Cuthor, Cc and Duthor, Dd},
  title   = {Title of Article},
  journal = {SIAM J. Comput},
  year    = {2001},
  volume  = {1},
  number  = {2},
  pages   = {101--109},
  month   = jan,
  note    = {This is an article entry},
}
@book{A+02,
  author  = {Author, Aa and Buthor, Bb and Cuthor, Cc and Duthor, Dd},
  title   = {Title},
  volume  = {1},
  series  = {Series},
  publisher = {Publisher},
  address = {Location},
  edition = {First},
  month   = "jan",
  year    = {2002},
  note    = {This is a book entry}
}
@incollection{A+03,
  author = {Author, Aa and Buthor, Bb and Cuthor, Cc and Duthor, Dd},
  title = {Title},
  editor = {Zuthor, Zz and Yuthor, Yy and Xuthor, Xx and Wuthor, Ww},
  booktitle = {Book title Book Title},
  number = {1},
  series = {Series},
  chapter = {2},
  type = {Part},
  pages = {101--109},
  publisher = {Publisher},
  address = {Location},
  edition ={First},
  month = jan,
  year = {2003},
  note = {This is an incollection entry},
}

@incollection{kohayakawa2,
  author={Y. Kohayakawa},
  title={{Szemer\'{e}di's} regularity lemma for sparse graphs},
  booktitle={Foundations of Computational Mathematics},
  editor={F. Cucker and M. Shub},
  pages={216--230},
  publisher=springer,
  year={1997}
}

@article{mmexperiments,
  author={Siddhartha Chatterjee and  Alvin R. Lebeck and  Praveen K. Patnala and Mithuna Thottethodi},
  title={Recursive array layouts and fast matrix multiplication},
  journal={IEEE Trans. on Parallel and Distributed Systems},
  volume={13},
  issue={11},
  pages={1105--1123},
  year= {2002},
  doi={10.1109/TPDS.2002.1058095}
}

@article{c-hilasso,
  author = {Sprechmann, Pablo and Ramirez, Ignacio and Sapiro, Guillermo and Eldar, Yonina C},
  title = {{C-HiLasso}: A Collaborative Hierarchical Sparse Modeling Framework},
  journal = {IEEE Transactions on Signal Processing},
  volume = {59},
  number = {9},
  pages = {4183--4198},
}

@Article{bard2,
  author    = {Martin Albrecht and Gregory Bard and William Hart},
  title     = {Algorithm 898: {Efficient} multiplication of dense matrices over {GF(2)}},
  journal   = {ACM Trans. Math. Softw.},
  volume    = {37},
  number    = {1},
  year      = {2010},
  doi       = {10.1145/1644001.1644010}
}

@article{aingworth,
  author = {Donald Aingworth and Chandra Chekuri and Piotr Indyk and Rajeev Motwani},
  title = {Fast Estimation of Diameter and Shortest Paths (Without Matrix Multiplication)},
  journal = {SIAM J. Comput.},
  eprint = {99a:01001},
  pages = {1167--1181},
  volume = 28,
  eid = {R15},
  issue = {special issue for FOCS},
  series = {Awesome series},
  year = 2012,
  number = 4,
  note = {Preliminary version in SODA'96},
  doi = {10.1137/S0097539796303421},
  eprinttype = {mathscinet},
}

@book{Pan,
  author    = {Victor Y. Pan},
  title     = {How to Multiply Matrices Faster},
  publisher = {Springer},
  series    = {Lecture Notes in Computer Science},
  volume    = {179},
  year      = {1984}
}

@INPROCEEDINGS{inproceedings-full,
  author = "Alfred V. Oaho and Jeffrey D. Ullman and Mihalis Yannakakis",
  title = "On Notions of Information Transfer in {VLSI} Circuits",
  editor = "Wizard V. Oz and Mihalis Yannakakis",
  booktitle = "Proc. Fifteenth Annual ACM" # STOC,
  number = 17,
  series = "All ACM Conferences",
  pages = "133--139",
  month = mar,
  year = 1983,
  address = "Boston",
  organization = ACM,
  publisher = "Academic Press",
  note = "This is a full INPROCEDINGS entry",
}

@inproceedings{ICALP08,
  author = {Guy E. Blelloch and Virginia Vassilevska and Ryan Williams},
  title = {A New Combinatorial Approach for Sparse Graph Problems},
  booktitle = icalp08,
  year = {2008},
  pages = {108--120},
  doi = {10.1007/978-3-540-70575-8_10}
}

@inproceedings{HMT,
  author = {Andr{\'a}s Hajnal and Wolfgang Maass and Gy{\"o}rgy Tur{\'a}n},
  title = {On the Communication Complexity of Graph Properties},
  pages = {186--191},
  doi = {10.1145/62212.62228},
  volume = {I},
  part = {part 1},
  organization = {Mensa},
  translator = {Henri Fambuaex},
  language = {Russian},
  editor = {Smart T. Editor},
  chapter = {13},
  series = {Cool series},
  number = {208},
}